@book{krane1988,
  title = {Introductory Nuclear Physics},
  author = {Krane, Kenneth S.},
  year = {1988},
  publisher = {John Wiley \& Sons, Inc.}
}

@book{feldman1986,
  title = {Fundamentals of Surface and Thin Film Analysis},
  author = {Feldman, Leonard C. and Mayer, James W.},
  year = {1986},
  publisher = {North-Holland},
}

@misc{IST,
  title = {{CAMPUS TECNOLÓGICO E NUCLEAR, Instituto Superior Técnico, Universidade de Lisboa}},
  address = {Estrada Nacional 10 (km 139,7), 2695-066 Bobadela LRS, Portugal},
}